//criptografia assimetrica rsa em audio
@article{dacriptografia,
  title={Criptografia Assim{\'e}trica em Documentos de {\'A}udio: uma experi{\^e}ncia inicial com o algoritmo RSA},
  author={da Silva, Mariana de Lourdes Godoy and Oliveira, Cintia Carvalho}
}

//tem umas tabelas massa
@article{oliveira2012criptografia,
  title={Criptografia sim{\'e}trica e assim{\'e}trica-os principais algoritmos de cifragem},
  author={Oliveira, Ronielton Rezende},
  journal={Seguran{\c{c}}a Digital [Revista online]},
  volume={31},
  pages={11--15},
  year={2012}
}

@inproceedings{lu2002integrated,
  title={Integrated design of AES (Advanced Encryption Standard) encrypter and decrypter},
  author={Lu, Chih-Chung and Tseng, Shau-Yin},
  booktitle={Application-Specific Systems, Architectures and Processors, 2002. Proceedings. The IEEE International Conference on},
  pages={277--285},
  year={2002},
  organization={IEEE}
}
